<?xml version="1.0" encoding="UTF-8"?><collection xmlns="http://www.loc.gov/MARC21/slim"><record><leader>00461nam--2200181-i-4500</leader><controlfield tag="001">000041082</controlfield><controlfield tag="002">20161230</controlfield><controlfield tag="005">20161230201043</controlfield><controlfield tag="008">060222s1000------------r-----000-0-eng-d</controlfield><datafield ind1=" " ind2=" " tag="040"><subfield code="a">IFIN-HH</subfield></datafield><datafield ind1=" " ind2=" " tag="080"><subfield code="a">535.316/.317</subfield></datafield><datafield ind1="1" ind2=" " tag="100"><subfield code="a">Selwyn, E.W.H</subfield></datafield><datafield ind1="1" ind2="0" tag="245"><subfield code="a">Theory of lenses</subfield><subfield code="c">E.w.h. selwyn</subfield></datafield><datafield ind1=" " ind2=" " tag="260"><subfield code="a">London</subfield><subfield code="b">The Institute Of Physics</subfield><subfield code="c">1955</subfield></datafield><datafield ind1=" " ind2=" " tag="300"><subfield code="a">64 P</subfield></datafield><datafield ind1=" " ind2=" " tag="490"><subfield code="a">Monographs for Students</subfield></datafield><datafield ind1=" " ind2=" " tag="852"><subfield code="a">10429</subfield><subfield code="c">535</subfield></datafield><datafield ind1=" " ind2=" " tag="CAT"><subfield code="a">Sys</subfield><subfield code="c">20101018</subfield><subfield code="h">131351</subfield></datafield></record></collection>